@masterthesis{rund2018interplanetary,
  title={Interplanetary Transfer Trajectories Using the Invariant Manifolds of Halo Orbits},
  author={Rund, Megan S},
  school={California Polytechnic State University},
  year={2018}
}

@article{howell1984three,
  title={Three-dimensional, periodic,‘halo’orbits},
  author={Howell, Kathleen Connor},
  journal={Celestial mechanics},
  volume={32},
  number={1},
  pages={53--71},
  year={1984},
  publisher={Springer}
}

@book{vallado2001fundamentals,
  title={Fundamentals of astrodynamics and applications},
  author={Vallado, David A},
  volume={12},
  year={2001},
  publisher={Springer Science \& Business Media}
}

@article{lara2007classification,
  title={Classification of the distant stability regions at Europa},
  author={Lara, Martin and Russell, Ryan and Villac, Benjamin},
  journal={Journal of Guidance, Control, and Dynamics},
  volume={30},
  number={2},
  pages={409--418},
  year={2007}
}

@article{richardson1980analytical,
  title={Analytical construction of periodic orbits about the collinear points of the Sun-Earth system.},
  author={Richardson, DL},
  journal={asdy},
  pages={127},
  year={1980}
}

@article{koon2008dynamical,
  title={Dynamical systems, the three-body problem and space mission design},
  author={Koon, Wang Sang and Lo, Martin W and Marsden, Jerrold E and Ross, Shane D},
  journal={Free online Copy: Marsden Books},
  year={2008}
}

@article{williams2017targeting,
  title={Targeting cislunar near rectilinear halo orbits for human space exploration},
  author={Williams, Jacob and Lee, David E and Whitley, Ryan J and Bokelmann, Kevin A and Davis, Diane C and Berry, Christopher F},
  year={2017}
}

@article{zimovan2020near,
  title={Near rectilinear halo orbits and nearby higher-period dynamical structures: orbital stability and resonance properties},
  author={Zimovan-Spreen, Emily M and Howell, Kathleen C and Davis, Diane C},
  journal={Celestial Mechanics and Dynamical Astronomy},
  volume={132},
  number={5},
  pages={1--25},
  year={2020},
  publisher={Springer}
}

@manual{nasa2020artemis,
  title={NASA’s Lunar Exploration Program Overview},
  author={NASA},
  year={2020}
}

@misc{carpinelli2020astro,
  author={Joe Carpinelli},
  title={UnitfulAstrodynamics.jl},
  howpublished={https://github.com/cadojo/UnitfulAstrodynamics.jl},
  year={2020}
}

@misc{carpinelli2020halos,
  author={Joe Carpinelli},
  title={Exploring Invariant Manifolds and Halo Orbits},
  howpublished={https://github.com/cadojo/Halo-Orbit-Solvers},
  year={2020-2021}
}

@article{bezanson2017julia,
  title={Julia: A fresh approach to numerical computing},
  author={Bezanson, Jeff and Edelman, Alan and Karpinski, Stefan and Shah, Viral B},
  journal={SIAM review},
  volume={59},
  number={1},
  pages={65--98},
  year={2017},
  publisher={SIAM},
  url={https://doi.org/10.1137/141000671}
}

@misc{fosnp2020Pluto,
  author={Fons van der Plas},
  title={Pluto.jl},
  howpublished={https://github.com/fonsp/Pluto.jl},
  year={2020}
}